@String(PAMI = {IEEE Trans. Pattern Anal. Mach. Intell.})
@String(IJCV = {Int. J. Comput. Vis.})
@String(CVPR= {IEEE Conf. Comput. Vis. Pattern Recog.})
@String(ICCV= {Int. Conf. Comput. Vis.})
@String(ECCV= {Eur. Conf. Comput. Vis.})
@String(NIPS= {Adv. Neural Inform. Process. Syst.})
@String(ICPR = {Int. Conf. Pattern Recog.})
@String(BMVC= {Brit. Mach. Vis. Conf.})
@String(TOG= {ACM Trans. Graph.})
@String(TIP  = {IEEE Trans. Image Process.})
@String(TVCG  = {IEEE Trans. Vis. Comput. Graph.})
@String(TMM  = {IEEE Trans. Multimedia})
@String(ACMMM= {ACM Int. Conf. Multimedia})
@String(ICME = {Int. Conf. Multimedia and Expo})
@String(ICASSP=	{ICASSP})
@String(ICIP = {IEEE Int. Conf. Image Process.})
@String(ACCV  = {ACCV})
@String(ICLR = {Int. Conf. Learn. Represent.})
@String(IJCAI = {IJCAI})
@String(PR   = {Pattern Recognition})
@String(AAAI = {AAAI})
@String(CVPRW= {IEEE Conf. Comput. Vis. Pattern Recog. Worksh.})
@String(CSVT = {IEEE Trans. Circuit Syst. Video Technol.})

@String(SPL	= {IEEE Sign. Process. Letters})
@String(VR   = {Vis. Res.})
@String(JOV	 = {J. Vis.})
@String(TVC  = {The Vis. Comput.})
@String(JCST  = {J. Comput. Sci. Tech.})
@String(CGF  = {Comput. Graph. Forum})
@String(CVM = {Computational Visual Media})


@String(PAMI  = {IEEE TPAMI})
@String(IJCV  = {IJCV})
@String(CVPR  = {CVPR})
@String(ICCV  = {ICCV})
@String(ECCV  = {ECCV})
@String(NIPS  = {NeurIPS})
@String(ICPR  = {ICPR})
@String(BMVC  =	{BMVC})
@String(TOG   = {ACM TOG})
@String(TIP   = {IEEE TIP})
@String(TVCG  = {IEEE TVCG})
@String(TCSVT = {IEEE TCSVT})
@String(TMM   =	{IEEE TMM})
@String(ACMMM = {ACM MM})
@String(ICME  =	{ICME})
@String(ICASSP=	{ICASSP})
@String(ICIP  = {ICIP})
@String(ACCV  = {ACCV})
@String(ICLR  = {ICLR})
@String(IJCAI = {IJCAI})
@String(PR = {PR})
@String(AAAI = {AAAI})
@String(CVPRW= {CVPRW})
@String(CSVT = {IEEE TCSVT})



@misc{Authors14,
 author = {FirstName LastName},
 title = {The frobnicatable foo filter},
 note = {Face and Gesture submission ID 324. Supplied as supplemental material {\tt fg324.pdf}},
 year = 2014
}

@misc{Authors14b,
 author = {FirstName LastName},
 title = {Frobnication tutorial},
 note = {Supplied as supplemental material {\tt tr.pdf}},
 year = 2014
}

@article{Alpher02,
author = {FirstName Alpher},
title = {Frobnication},
journal = PAMI,
volume = 12,
number = 1,
pages = {234--778},
year = 2002
}

@article{Alpher03,
author = {FirstName Alpher and  FirstName Fotheringham-Smythe},
title = {Frobnication revisited},
journal = {Journal of Foo},
volume = 13,
number = 1,
pages = {234--778},
year = 2003
}

@article{Alpher04,
author = {FirstName Alpher and FirstName Fotheringham-Smythe and FirstName Gamow},
title = {Can a machine frobnicate?},
journal = {Journal of Foo},
volume = 14,
number = 1,
pages = {234--778},
year = 2004
}

@inproceedings{zhao2023pitfalls,
  title={On Pitfalls of Test-Time Adaptation},
  author={Zhao, Hao and Liu, Yuejiang and Alahi, Alexandre and Lin, Tao},
  journal={International Conference on Machine Learning},
  pages={1--12},
  year={2023}
}


@inproceedings{Alpher05,
author = {FirstName Alpher and FirstName Gamow},
title = {Can a computer frobnicate?},
booktitle = CVPR,
pages = {234--778},
year = 2005
}

@inproceedings{marsden2024universal2,
  title={Universal test-time adaptation through weight ensembling, diversity weighting, and prior correction},
  author={Marsden, Robert A and D{\"o}bler, Mario and Yang, Bin},
  booktitle={Proceedings of the IEEE/CVF Winter Conference on Applications of Computer Vision},
  pages={2555--2565},
  year={2024}
}

@inproceedings{marsden2024universal,
  title={Universal test-time adaptation through weight ensembling, diversity weighting, and prior correction},
  author={Marsden, R A },
  booktitle={WACV},
  year={2024}
}


@article{li2024comprehensive,
  title={A comprehensive survey on source-free domain adaptation},
  author={Li, Jingjing and Yu, Zhiqi and Du, Zhekai and Zhu, Lei and Shen, Heng Tao},
  journal={IEEE Transactions on Pattern Analysis and Machine Intelligence},
  volume={46},
  number={8},
  pages={5743--4762},
  year={2024}
}
@article{dosovitskiy2020image,
  title={An image is worth 16x16 words: Transformers for image recognition at scale},
  author={Dosovitskiy, Alexey},
  journal={arXiv preprint arXiv:2010.11929},
  year={2020}
}
@inproceedings{zhang2018deep,
  title={Deep mutual learning},
  author={Zhang, Ying and Xiang, Tao and Hospedales, Timothy M and Lu, Huchuan},
  booktitle={Proceedings of the IEEE conference on computer vision and pattern recognition},
  pages={4320--4328},
  year={2018}
}

@article{ge2023unsupervised,
  title={Unsupervised domain adaptation via deep conditional adaptation network},
  author={Ge, Pengfei and Ren, Chuan-Xian and Xu, Xiao-Lin and Yan, Hong},
  journal={Pattern Recognition},
  volume={134},
  pages={109088},
  year={2023},
  publisher={Elsevier}
}

@article{yi2023multicomponent,
  title={Multicomponent Adversarial Domain Adaptation: A General Framework},
  author={Yi, Chang'an and Chen, Haotian and Xu, Yonghui and Chen, Huanhuan and Liu, Yong and Tan, Haishu and Yan, Yuguang and Yu, Han},
  journal={IEEE Transactions on Neural Networks and Learning Systems},
  volume={34},
  number={10},
  pages={6824--6838},
  year={2023},
  publisher={IEEE}
}

@inproceedings{heo2021rethinking,
  title={Rethinking spatial dimensions of vision transformers},
  author={Heo, Byeongho and Yun, Sangdoo and Han, Dongyoon and Chun, Sanghyuk and Choe, Junsuk and Oh, Seong Joon},
  booktitle={Proceedings of the IEEE/CVF international conference on computer vision},
  pages={11936--11945},
  year={2021}
}


@inproceedings{yin2023crossmatch,
  title={CrossMatch: Source-Free Domain Adaptive Semantic Segmentation via Cross-Modal Consistency Training},
  author={Yin, Yifang and Hu, Wenmiao and Liu, Zhenguang and Wang, Guanfeng and Xiang, Shili and Zimmermann, Roger},
  booktitle={Proceedings of the IEEE/CVF International Conference on Computer Vision},
  pages={21786--21796},
  year={2023}
}

@article{yang2023survey,
  title={A survey on ensemble learning under the era of deep learning},
  author={Yang, Yongquan and Lv, Haijun and Chen, Ning},
  journal={Artificial Intelligence Review},
  volume={56},
  number={6},
  pages={5545--5589},
  year={2023},
  publisher={Springer}
}

@article{wang2019learning,
  title={Learning robust global representations by penalizing local predictive power},
  author={Wang, Haohan and Ge, Songwei and Lipton, Zachary and Xing, Eric P},
  journal={Advances in Neural Information Processing Systems},
  volume={32},
  year={2019}
}


@article{zhou2022domain,
  title={Domain generalization: A survey},
  author={Zhou, Kaiyang and Liu, Ziwei and Qiao, Yu and Xiang, Tao and Loy, Chen Change},
  journal={IEEE Transactions on Pattern Analysis and Machine Intelligence},
  volume={45},
  number={4},
  pages={4396--4415},
  year={2022},
  publisher={IEEE}
}

@inproceedings{venkateswara2017deep,
  title={Deep hashing network for unsupervised domain adaptation},
  author={Venkateswara, Hemanth and Eusebio, Jose and Chakraborty, Shayok and Panchanathan, Sethuraman},
  booktitle={Proceedings of the IEEE/CVF Conference on Computer Vision and Pattern Recognition},
  pages={5018--5027},
  year={2017}
}

@inproceedings{yuan2024tea,
  title={TEA: Test-time Energy Adaptation},
  author={Yuan, Yige and Xu, Bingbing and Hou, Liang and Sun, Fei and Shen, Huawei and Cheng, Xueqi},
  booktitle={Proceedings of the IEEE/CVF Conference on Computer Vision and Pattern Recognition},
  pages={1--11},
  year={2024}
}



@inproceedings{he2016deep,
  title={Deep residual learning for image recognition},
  author={He, Kaiming and Zhang, Xiangyu and Ren, Shaoqing and Sun, Jian},
  booktitle={Proceedings of the IEEE conference on computer vision and pattern recognition},
  pages={770--778},
  year={2016}
}

@inproceedings{lee2024entropy2,
  title={Entropy is not enough for test-time adaptation: From the perspective of disentangled factors},
  author={Lee, Jonghyun and Jung, Dahuin and Lee, Saehyung and Park, Junsung and Shin, Juhyeon and Hwang, Uiwon and Yoon, Sungroh},
  booktitle={International Conference on Learning Representations},
  pages={1--14},
  year={2024}
}

@inproceedings{lee2024entropy,
  title={Entropy is not enough for test-time adaptation: From the perspective of disentangled factors},
  author={Lee, J},
  booktitle={ICLR},
  year={2024}
}


@inproceedings{mirzadeh2020improved,
  title={Improved knowledge distillation via teacher assistant},
  author={Mirzadeh, Seyed Iman and Farajtabar, Mehrdad and Li, Ang and Levine, Nir and Matsukawa, Akihiro and Ghasemzadeh, Hassan},
  booktitle={Proceedings of the AAAI conference on artificial intelligence},
  volume={34},
  number={04},
  pages={5191--5198},
  year={2020}
}
@inproceedings{lu2022survey,
  title={Understanding the robustness in vision transformers},
  author={Lu, Pan and Qiu, Liang and Yu, Wenhao and Welleck, Sean and Chang, Kai-Wei},
  booktitle={Annual Meeting of the Association for Computational Linguistics},
  pages={14605--14631},
  year={2023}
}

@inproceedings{zhang2023domainadaptor,
  title={Domainadaptor: A novel approach to test-time adaptation},
  author={Zhang, Jian and Qi, Lei and Shi, Yinghuan and Gao, Yang},
  booktitle={Proceedings of the IEEE/CVF International Conference on Computer Vision},
  pages={18971--18981},
  year={2023}
}
@inproceedings{chen2022contrastive,
  title={Contrastive test-time adaptation},
  author={Chen, Dian and Wang, Dequan and Darrell, Trevor and Ebrahimi, Sayna},
  booktitle={Proceedings of the IEEE/CVF Conference on Computer Vision and Pattern Recognition},
  pages={295--305},
  year={2022}
}
@article{zhang2022memo,
  title={Memo: Test time robustness via adaptation and augmentation},
  author={Zhang, Marvin and Levine, Sergey and Finn, Chelsea},
  journal={Advances in neural information processing systems},
  volume={35},
  pages={38629--38642},
  year={2022}
}
@inproceedings{lee2023tta,
  title={Tta-cope: Test-time adaptation for category-level object pose estimation},
  author={Lee, Taeyeop and Tremblay, Jonathan and Blukis, Valts and Wen, Bowen and Lee, Byeong-Uk and Shin, Inkyu and Birchfield, Stan and Kweon, In So and Yoon, Kuk-Jin},
  booktitle={Proceedings of the IEEE/CVF Conference on Computer Vision and Pattern Recognition},
  pages={21285--21295},
  year={2023}
}
@inproceedings{hendrycks2021many,
  title={The many faces of robustness: A critical analysis of out-of-distribution generalization},
  author={Hendrycks, Dan and Basart, Steven and Mu, Norman and Kadavath, Saurav and Wang, Frank and Dorundo, Evan and Desai, Rahul and Zhu, Tyler and Parajuli, Samyak and Guo, Mike and others},
  booktitle={Proceedings of the IEEE/CVF international conference on computer vision},
  pages={8340--8349},
  year={2021}
}
@misc{rw2019timm,
  author = {Ross Wightman},
  title = {PyTorch Image Models},
  year = {2019},
  publisher = {GitHub},
  journal = {GitHub repository},
  doi = {10.5281/zenodo.4414861},
  howpublished = {\url{https://github.com/rwightman/pytorch-image-models}}
}
@inproceedings{sojka2023ar,
  title={AR-TTA: A Simple Method for Real-World Continual Test-Time Adaptation},
  author={S{\'o}jka, Damian and Cygert, Sebastian and Twardowski, Bart{\l}omiej and Trzci{\'n}ski, Tomasz},
  booktitle={Proceedings of the IEEE/CVF International Conference on Computer Vision},
  pages={3491--3495},
  year={2023}
}
@inproceedings{kim2022ev,
  title={Ev-tta: Test-time adaptation for event-based object recognition},
  author={Kim, Junho and Hwang, Inwoo and Kim, Young Min},
  booktitle={Proceedings of the IEEE/CVF Conference on Computer Vision and Pattern Recognition},
  pages={17745--17754},
  year={2022}
}
@inproceedings{beyer2022knowledge,
  title={Knowledge distillation: A good teacher is patient and consistent},
  author={Beyer, Lucas and Zhai, Xiaohua and Royer, Am{\'e}lie and Markeeva, Larisa and Anil, Rohan and Kolesnikov, Alexander},
  booktitle={Proceedings of the IEEE/CVF conference on computer vision and pattern recognition},
  pages={10925--10934},
  year={2022}
}
@inproceedings{dobler2023robust,
  title={Robust mean teacher for continual and gradual test-time adaptation},
  author={D{\"o}bler, Mario and Marsden, Robert A and Yang, Bin},
  booktitle={Proceedings of the IEEE/CVF Conference on Computer Vision and Pattern Recognition},
  pages={7704--7714},
  year={2023}
}
@inproceedings{deng2023harmonious,
  title={Harmonious teacher for cross-domain object detection},
  author={Deng, Jinhong and Xu, Dongli and Li, Wen and Duan, Lixin},
  booktitle={Proceedings of the IEEE/CVF Conference on Computer Vision and Pattern Recognition},
  pages={23829--23838},
  year={2023}
}


@inproceedings{deng2019cluster,
  title={Cluster alignment with a teacher for unsupervised domain adaptation},
  author={Deng, Zhijie and Luo, Yucen and Zhu, Jun},
  booktitle={Proceedings of the IEEE/CVF international conference on computer vision},
  pages={9944--9953},
  year={2019}
}
@inproceedings{li2020model,
  title={Model adaptation: Unsupervised domain adaptation without source data},
  author={Li, Rui and Jiao, Qianfen and Cao, Wenming and Wong, Hau-San and Wu, Si},
  booktitle={Proceedings of the IEEE/CVF conference on computer vision and pattern recognition},
  pages={9641--9650},
  year={2020}
}
@inproceedings{kundu2020universal,
  title={Universal source-free domain adaptation},
  author={Kundu, Jogendra Nath and Venkat, Naveen and Babu, R Venkatesh and others},
  booktitle={Proceedings of the IEEE/CVF conference on computer vision and pattern recognition},
  pages={4544--4553},
  year={2020}
}
@inproceedings{liang2020we,
  title={Do we really need to access the source data? source hypothesis transfer for unsupervised domain adaptation},
  author={Liang, Jian and Hu, Dapeng and Feng, Jiashi},
  booktitle={International conference on machine learning},
  pages={6028--6039},
  year={2020},
  organization={PMLR}
}
@inproceedings{liu2021adversarial,
  title={Adversarial unsupervised domain adaptation with conditional and label shift: Infer, align and iterate},
  author={Liu, Xiaofeng and Guo, Zhenhua and Li, Site and Xing, Fangxu and You, Jane and Kuo, C-C Jay and El Fakhri, Georges and Woo, Jonghye},
  booktitle={Proceedings of the IEEE/CVF international conference on computer vision},
  pages={10367--10376},
  year={2021}
}
@inproceedings{kundu2020universal,
  title={Universal source-free domain adaptation},
  author={Kundu, Jogendra Nath and Venkat, Naveen and Babu, R Venkatesh and others},
  booktitle={Proceedings of the IEEE/CVF conference on computer vision and pattern recognition},
  pages={4544--4553},
  year={2020}
}


@inproceedings{lee2023towards,
  title={Towards open-set test-time adaptation utilizing the wisdom of crowds in entropy minimization},
  author={Lee, Jungsoo and Das, Debasmit and Choo, Jaegul and Choi, Sungha},
  booktitle={Proceedings of the IEEE/CVF International Conference on Computer Vision},
  pages={16380--16389},
  year={2023}
}
@inproceedings{lee2024continual,
  title={Continual momentum filtering on parameter space for online test-time adaptation},
  author={Lee, Jae-Hong and Chang, Joon-Hyuk},
  booktitle={The Twelfth International Conference on Learning Representations},
  year={2024}
}
@inproceedings{cao2023contrastive,
  title={Contrastive mean teacher for domain adaptive object detectors},
  author={Cao, Shengcao and Joshi, Dhiraj and Gui, Liang-Yan and Wang, Yu-Xiong},
  booktitle={Proceedings of the IEEE/CVF conference on computer vision and pattern recognition},
  pages={23839--23848},
  year={2023}
}
@article{niu2024test,
  title={Test-time model adaptation with only forward passes},
  author={Niu, Shuaicheng and Miao, Chunyan and Chen, Guohao and Wu, Pengcheng and Zhao, Peilin},
  journal={arXiv preprint arXiv:2404.01650},
  year={2024}
}

@article{yang2021adversarial,
  title={Adversarial teacher-student representation learning for domain generalization},
  author={Yang, Fu-En and Cheng, Yuan-Chia and Shiau, Zu-Yun and Wang, Yu-Chiang Frank},
  journal={Advances in Neural Information Processing Systems},
  volume={34},
  pages={19448--19460},
  year={2021}
}
@inproceedings{li2022cross,
  title={Cross-domain adaptive teacher for object detection},
  author={Li, Yu-Jhe and Dai, Xiaoliang and Ma, Chih-Yao and Liu, Yen-Cheng and Chen, Kan and Wu, Bichen and He, Zijian and Kitani, Kris and Vajda, Peter},
  booktitle={Proceedings of the IEEE/CVF Conference on Computer Vision and Pattern Recognition},
  pages={7581--7590},
  year={2022}
}
@article{liang2024comprehensive,
  title={A comprehensive survey on test-time adaptation under distribution shifts},
  author={Liang, Jian and He, Ran and Tan, Tieniu},
  journal={International Journal of Computer Vision},
  pages={1--34},
  year={2024},
  publisher={Springer}
}

@article{zhou2023adaptive,
  title={Adaptive mutual learning for unsupervised domain adaptation},
  author={Zhou, Lihua and Xiao, Siying and Ye, Mao and Zhu, Xiatian and Li, Shuaifeng},
  journal={IEEE Transactions on Circuits and Systems for Video Technology},
  volume={33},
  number={11},
  pages={6622--6634},
  year={2023},
  publisher={IEEE}
}

@article{bao2024adaptive,
  title={Adaptive Test-Time Personalization for Federated Learning},
  author={Bao, Wenxuan and Wei, Tianxin and Wang, Haohan and He, Jingrui},
  journal={Advances in Neural Information Processing Systems},
  pages={1--14},
  year={2024}
}

@inproceedings{nado2020evaluating,
  title={Evaluating prediction-time batch normalization for robustness under covariate shift},
  author={Nado, Zachary and Padhy, Shreyas and Sculley, D and D'Amour, Alexander and Lakshminarayanan, Balaji and Snoek, Jasper},
  booktitle={Workshop of International Conference on Machine Learning},
  pages={1--17},
  year={2020}
}

@inproceedings{wang2023dynamically,
  title={Dynamically Instance-Guided Adaptation: A Backward-Free Approach for Test-Time Domain Adaptive Semantic Segmentation},
  author={Wang, Wei and Zhong, Zhun and Wang, Weijie and Chen, Xi and Ling, Charles and Wang, Boyu and Sebe, Nicu},
  booktitle={Proceedings of the IEEE/CVF Conference on Computer Vision and Pattern Recognition},
  pages={24090--24099},
  year={2023}
}


@article{zhuang2020comprehensive,
  title={A comprehensive survey on transfer learning},
  author={Zhuang, Fuzhen and Qi, Zhiyuan and Duan, Keyu and Xi, Dongbo and Zhu, Yongchun and Zhu, Hengshu and Xiong, Hui and He, Qing},
  journal={Proceedings of the IEEE},
  volume={109},
  number={1},
  pages={43--76},
  year={2020},
  publisher={IEEE}
}


@inproceedings{ioffe2015batch,
  title={Batch normalization: Accelerating deep network training by reducing internal covariate shift},
  author={Ioffe, Sergey and Szegedy, Christian},
  booktitle={International conference on machine learning},
  pages={448--456},
  year={2015}
}






@article{huang2023normalization,
  title={Normalization techniques in training dnns: Methodology, analysis and application},
  author={Huang, Lei and Qin, Jie and Zhou, Yi and Zhu, Fan and Liu, Li and Shao, Ling},
  journal={IEEE Transactions on Pattern Analysis and Machine Intelligence},
  pages={1--20},
  year={2023},
  publisher={IEEE}
}



@article{hinton2015distilling,
  title={Distilling the knowledge in a neural network},
  author={Hinton, Geoffrey and Vinyals, Oriol and Dean, Jeff},
  journal={arXiv preprint arXiv:1503.02531},
  year={2015}
}

@article{hu2022teacher,
  title={Teacher-Student Architecture for Knowledge Learning: A Survey},
  author={Hu, Chengming and Li, Xuan and Liu, Dan and Chen, Xi and Wang, Ju and Liu, Xue},
  journal={arXiv preprint arXiv:2210.17332},
  year={2022}
}

@inproceedings{basak2023pseudo,
  title={Pseudo-Label Guided Contrastive Learning for Semi-Supervised Medical Image Segmentation},
  author={Basak, Hritam and Yin, Zhaozheng},
  booktitle={Proceedings of the IEEE/CVF Conference on Computer Vision and Pattern Recognition},
  pages={19786--19797},
  year={2023}
}

@inproceedings{cascante2021curriculum,
  title={Curriculum labeling: Revisiting pseudo-labeling for semi-supervised learning},
  author={Cascante-Bonilla, Paola and Tan, Fuwen and Qi, Yanjun and Ordonez, Vicente},
  booktitle={Proceedings of the AAAI conference on artificial intelligence},
  volume={35},
  number={8},
  pages={6912--6920},
  year={2021}
}


@article{yoo2022ground,
  title={Ground-truth labels matter: A deeper look into input-label demonstrations},
  author={Yoo, Kang Min and Kim, Junyeob and Kim, Hyuhng Joon and Cho, Hyunsoo and Jo, Hwiyeol and Lee, Sang-Woo and Lee, Sang-goo and Kim, Taeuk},
  journal={Conference on Empirical Methods in Natural Language Processing},
  pages={2422--2437},
  year={2022}
}

@inproceedings{shu2021open,
  title={Open domain generalization with domain-augmented meta-learning},
  author={Shu, Yang and Cao, Zhangjie and Wang, Chenyu and Wang, Jianmin and Long, Mingsheng},
  booktitle={Proceedings of the IEEE/CVF conference on computer vision and pattern recognition},
  pages={9624--9633},
  year={2021}
}

@article{xu2023comprehensive,
  title={A comprehensive survey of image augmentation techniques for deep learning},
  author={Xu, Mingle and Yoon, Sook and Fuentes, Alvaro and Park, Dong Sun},
  journal={Pattern Recognition},
  pages={109347},
  year={2023},
  publisher={Elsevier}
}


@inproceedings{hendrycks2019benchmarking,
  title={Benchmarking neural network robustness to common corruptions and perturbations},
  author={Hendrycks, Dan and Dietterich, Thomas},
  booktitle={International Conference On Learning Representations},
  pages={1--11},
  year={2019}
}




@inproceedings{gan2023decorate,
  title={Decorate the newcomers: Visual domain prompt for continual test time adaptation},
  author={Gan, Yulu and Bai, Yan and Lou, Yihang and Ma, Xianzheng and Zhang, Renrui and Shi, Nian and Luo, Lin},
  booktitle={Proceedings of the AAAI Conference on Artificial Intelligence},
  volume={37},
  number={6},
  pages={7595--7603},
  year={2023}
}




@inproceedings{koh2021wilds,
  title={Wilds: A benchmark of in-the-wild distribution shifts},
  author={Koh, Pang Wei and Sagawa, Shiori and Marklund, Henrik and Xie, Sang Michael and Zhang, Marvin and Balsubramani, Akshay and Hu, Weihua and Yasunaga, Michihiro and Phillips, Richard Lanas and Gao, Irena and others},
  booktitle={International Conference on Machine Learning},
  pages={5637--5664},
  year={2021}
}


@inproceedings{colomer2023adapt,
  title={To adapt or not to adapt? real-time adaptation for semantic segmentation},
  author={Colomer, Marc Botet and Dovesi, Pier Luigi and Panagiotakopoulos, Theodoros and Carvalho, Joao Frederico and H{\"a}renstam-Nielsen, Linus and Azizpour, Hossein and Kjellstr{\"o}m, Hedvig and Cremers, Daniel and Poggi, Matteo},
  booktitle={Proceedings of the IEEE/CVF International Conference on Computer Vision},
  pages={16548--16559},
  year={2023}
}
@inproceedings{botet2023adapt,
  title={To Adapt or Not to Adapt? Real-Time Adaptation for Semantic Segmentation},
  author={Botet Colomer},
  booktitle={ICCV},
  pages={1--12},
  year={2023}
}
@inproceedings{botet2023adapt2,
  title={To Adapt or Not to Adapt? Real-Time Adaptation for Semantic Segmentation},
  author={Botet Colomer},
  booktitle={ICCV},
  year={2023}
}



@inproceedings{wang2022continual,
  title={Continual test-time domain adaptation},
  author={Wang, Qin and Fink, Olga and Van Gool, Luc and Dai, Dengxin},
  booktitle={Proceedings of the IEEE/CVF Conference on Computer Vision and Pattern Recognition},
  pages={7201--7211},
  year={2022}
}



@inproceedings{zhao2023pitfalls,
  title={On Pitfalls of Test-Time Adaptation},
  author={Zhao, Hao and Liu, Yuejiang and Alahi, Alexandre and Lin, Tao},
  booktitle={International Conference on Machine Learning},
  pages={1--12},
  year={2023}
}

@inproceedings{zhang2023adanpc,
  title={AdaNPC: Exploring Non-Parametric Classifier for Test-Time Adaptation},
  author={Zhang, Yifan and Wang, Xue and Jin, Kexin and Yuan, Kun and Zhang, Zhang and Wang, Liang and Jin, Rong and Tan, Tieniu},
  booktitle={International Conference on Machine Learning},
  pages={41647--41676},
  year={2023}
}

@inproceedings{zhang2023domain,
  title={Domain-Specific Risk Minimization for Domain Generalization},
  author={Zhang, Yi-Fan and Wang, Jindong and Liang, Jian and Zhang, Zhang and Yu, Baosheng and Wang, Liang and Tao, Dacheng and Xie, Xing},
  booktitle={Proceedings of the 29th ACM SIGKDD Conference on Knowledge Discovery and Data Mining},
  pages={3409--3421},
  year={2023}
}

@inproceedings{jiang2023test,
  title={Test-time robust personalization for federated learning},
  author={Jiang, Liangze and Lin, Tao},
  journal={International conference on machine learning},
  pages={1--16},
  year={2022}
}

@inproceedings{sun2020test,
  title={Test-time training with self-supervision for generalization under distribution shifts},
  author={Sun, Yu and Wang, Xiaolong and Liu, Zhuang and Miller, John and Efros, Alexei and Hardt, Moritz},
  booktitle={International conference on machine learning},
  pages={9229--9248},
  year={2020}
}

@article{karani2021test,
  title={Test-time adaptable neural networks for robust medical image segmentation},
  author={Karani, Neerav and Erdil, Ertunc and Chaitanya, Krishna and Konukoglu, Ender},
  journal={Medical Image Analysis},
  volume={68},
  pages={101907},
  year={2021},
  publisher={Elsevier}
}






@inproceedings{boudiaf2022parameter,
  title={Parameter-free online test-time adaptation},
  author={Boudiaf, Malik and Mueller, Romain and Ben Ayed, Ismail and Bertinetto, Luca},
  booktitle={Proceedings of the IEEE/CVF Conference on Computer Vision and Pattern Recognition},
  pages={8344--8353},
  year={2022}
}

@inproceedings{liang2020we,
  title={Do we really need to access the source data? source hypothesis transfer for unsupervised domain adaptation},
  author={Liang, Jian and Hu, Dapeng and Feng, Jiashi},
  booktitle={International Conference on Machine Learning},
  pages={6028--6039},
  year={2020}
}


@inproceedings{zhang2022self,
  title={Self-supervised aggregation of diverse experts for test-agnostic long-tailed recognition},
  author={Zhang, Yifan and Hooi, Bryan and Hong, Lanqing and Feng, Jiashi},
  booktitle={Advances in Neural Information Processing Systems},
  pages={34077--34090},
  year={2022}
}

@inproceedings{zhang2023expanding,
  title={Expanding small-scale datasets with guided imagination},
  author={Zhang, Yifan and Zhou, Daquan and Hooi, Bryan and Wang, Kai and Feng, Jiashi},
  booktitle={Advances in Neural Information Processing Systems},
  year={2023}
}

@inproceedings{zhao2023delta,
title={{DELTA}: {DEGRADATION}-{FREE} {FULLY} {TEST}-{TIME} {ADAPTATION}},
author={Bowen Zhao and Chen Chen and Shu-Tao Xia},
booktitle={The Eleventh International Conference on Learning Representations },
year={2023},
}

@inproceedings{benz2021revisiting,
  title={Revisiting batch normalization for improving corruption robustness},
  author={Benz, Philipp and Zhang, Chaoning and Karjauv, Adil and Kweon, In So},
  booktitle={Proceedings of the IEEE/CVF winter conference on applications of computer vision},
  pages={494--503},
  year={2021}
}

@article{ba2016layer,
  title={Layer normalization},
  author={Ba, Jimmy Lei and Kiros, Jamie Ryan and Hinton, Geoffrey E},
  journal={arXiv preprint arXiv:1607.06450},
  year={2016}
}

@article{ulyanov2016instance,
  title={Instance normalization: The missing ingredient for fast stylization},
  author={Ulyanov, Dmitry and Vedaldi, Andrea and Lempitsky, Victor},
  journal={arXiv preprint arXiv:1607.08022},
  year={2016}
}

@inproceedings{wu2018group,
  title={Group normalization},
  author={Wu, Yuxin and He, Kaiming},
  booktitle={Proceedings of the European Conference on Computer Vision},
  pages={3--19},
  year={2018}
}

@inproceedings{pan2020unsupervised,
  title={Unsupervised intra-domain adaptation for semantic segmentation through self-supervision},
  author={Pan, Fei and Shin, Inkyu and Rameau, Francois and Lee, Seokju and Kweon, In So},
  booktitle={Proceedings of the IEEE/CVF Conference on Computer Vision and Pattern Recognition},
  pages={3764--3773},
  year={2020}
}

@article{li2021test,
  title={Test-time personalization with a transformer for human pose estimation},
  author={Li, Yizhuo and Hao, Miao and Di, Zonglin and Gundavarapu, Nitesh Bharadwaj and Wang, Xiaolong},
  journal={Advances in Neural Information Processing Systems},
  volume={34},
  pages={2583--2597},
  year={2021}
}


@article{liu2021ttt++,
  title={TTT++: When does self-supervised test-time training fail or thrive?},
  author={Liu, Yuejiang and Kothari, Parth and Van Delft, Bastien and Bellot-Gurlet, Baptiste and Mordan, Taylor and Alahi, Alexandre},
  journal={Advances in Neural Information Processing Systems},
  volume={34},
  pages={21808--21820},
  year={2021}
}

@inproceedings{yuan2023robust,
  title={Robust test-time adaptation in dynamic scenarios},
  author={Yuan, Longhui and Xie, Binhui and Li, Shuang},
  booktitle={Proceedings of the IEEE/CVF Conference on Computer Vision and Pattern Recognition},
  pages={15922--15932},
  year={2023}
}


@inproceedings{li2023lwsis,
  title={Lwsis: Lidar-guided weakly supervised instance segmentation for autonomous driving},
  author={Li, Xiang and Yin, Junbo and Shi, Botian and Li, Yikang and Yang, Ruigang and Shen, Jianbing},
  booktitle={Proceedings of the AAAI Conference on Artificial Intelligence},
  volume={37},
  number={2},
  pages={1433--1441},
  year={2023}
}

@inproceedings{tomar2023tesla,
  title={TeSLA: Test-Time Self-Learning With Automatic Adversarial Augmentation},
  author={Tomar, Devavrat and Vray, Guillaume and Bozorgtabar, Behzad and Thiran, Jean-Philippe},
  booktitle={Proceedings of the IEEE/CVF Conference on Computer Vision and Pattern Recognition},
  pages={20341--20350},
  year={2023}
}

@inproceedings{wei2021crest,
  title={Crest: A class-rebalancing self-training framework for imbalanced semi-supervised learning},
  author={Wei, Chen and Sohn, Kihyuk and Mellina, Clayton and Yuille, Alan and Yang, Fan},
  booktitle={Proceedings of the IEEE/CVF conference on computer vision and pattern recognition},
  pages={10857--10866},
  year={2021}
}

@article{zhang2023deep,
  title={Deep long-tailed learning: A survey},
  author={Zhang, Yifan and Kang, Bingyi and Hooi, Bryan and Yan, Shuicheng and Feng, Jiashi},
  journal={IEEE Transactions on Pattern Analysis and Machine Intelligence},
  year={2023},
  publisher={IEEE}
}
@inproceedings{sakaridis2021acdc,
  title={ACDC: The adverse conditions dataset with correspondences for semantic driving scene understanding},
  author={Sakaridis, Christos and Dai, Dengxin and Van Gool, Luc},
  booktitle={Proceedings of the IEEE/CVF International Conference on Computer Vision},
  pages={10765--10775},
  year={2021}
}

@article{sakaridis2018semantic,
  title={Semantic foggy scene understanding with synthetic data},
  author={Sakaridis, Christos and Dai, Dengxin and Van Gool, Luc},
  journal={International Journal of Computer Vision},
  volume={126},
  pages={973--992},
  year={2018},
  publisher={Springer}
}

@inproceedings{hu2019depth,
  title={Depth-attentional features for single-image rain removal},
  author={Hu, Xiaowei and Fu, Chi-Wing and Zhu, Lei and Heng, Pheng-Ann},
  booktitle={Proceedings of the IEEE/CVF Conference on computer vision and pattern recognition},
  pages={8022--8031},
  year={2019}
}

@article{xie2021segformer,
  title={SegFormer: Simple and efficient design for semantic segmentation with transformers},
  author={Xie, Enze and Wang, Wenhai and Yu, Zhiding and Anandkumar, Anima and Alvarez, Jose M and Luo, Ping},
  journal={Advances in Neural Information Processing Systems},
  volume={34},
  pages={12077--12090},
  year={2021}
}

@article{tarvainen2017mean,
  title={Mean teachers are better role models: Weight-averaged consistency targets improve semi-supervised deep learning results},
  author={Tarvainen, Antti and Valpola, Harri},
  journal={Advances in neural information processing systems},
  volume={30},
  year={2017}
}

@inproceedings{su2022revisiting,
  title={Revisiting realistic test-time training: Sequential inference and adaptation by anchored clustering},
  author={Su, Yongyi and Xu, Xun and Jia, Kui},
  booktitle={Advances in Neural Information Processing Systems},
  volume={35},
  pages={17543--17555},
  year={2022}
}\\

@inproceedings{iwasawa2021test,
  title={Test-Time Classifier Adjustment Module for Model-Agnostic Domain Generalization},
  author={Iwasawa, Yusuke and Matsuo, Yutaka},
  booktitle={Advances in Neural Information Processing Systems},
  pages     = {2427--2440},
  year={2021}
}


@inproceedings{liu2019large,
  title={Large-scale long-tailed recognition in an open world},
  author={Liu, Ziwei and Miao, Zhongqi and Zhan, Xiaohang and Wang, Jiayun and Gong, Boqing and Yu, Stella X},
  booktitle={Proceedings of the IEEE/CVF conference on computer vision and pattern recognition},
  pages={2537--2546},
  year={2019}
}

@inproceedings{hoyer2022daformer,
  title={Daformer: Improving network architectures and training strategies for domain-adaptive semantic segmentation},
  author={Hoyer, Lukas and Dai, Dengxin and Van Gool, Luc},
  booktitle={Proceedings of the IEEE/CVF Conference on Computer Vision and Pattern Recognition},
  pages={9924--9935},
  year={2022}
}

@inproceedings{li2022class,
  title={Class-balanced pixel-level self-labeling for domain adaptive semantic segmentation},
  author={Li, Ruihuang and Li, Shuai and He, Chenhang and Zhang, Yabin and Jia, Xu and Zhang, Lei},
  booktitle={Proceedings of the IEEE/CVF Conference on Computer Vision and Pattern Recognition},
  pages={11593--11603},
  year={2022}
}

@article{hao2020brief,
  title={A brief survey on semantic segmentation with deep learning},
  author={Hao, Shijie and Zhou, Yuan and Guo, Yanrong},
  journal={Neurocomputing},
  volume={406},
  pages={302--321},
  year={2020},
  publisher={Elsevier}
}

@inproceedings{lyzhov2020greedy,
  title={Greedy policy search: A simple baseline for learnable test-time augmentation},
  author={Lyzhov, Alexander and Molchanova, Yuliya and Ashukha, Arsenii and Molchanov, Dmitry and Vetrov, Dmitry},
  booktitle={Conference on Uncertainty in Artificial Intelligence},
  pages={1308--1317},
  year={2020}
}

@inproceedings{guo2017calibration,
  title={On calibration of modern neural networks},
  author={Guo, Chuan and Pleiss, Geoff and Sun, Yu and Weinberger, Kilian Q},
  booktitle={International Conference on Machine Learning},
  pages={1321--1330},
  year={2017}
}

@inproceedings{wang2023calibrating,
  title={On Calibrating Semantic Segmentation Models: Analyses and an Algorithm},
  author={Wang, Dongdong and Gong, Boqing and Wang, Liqiang},
  booktitle={Proceedings of the IEEE/CVF Conference on Computer Vision and Pattern Recognition},
  pages={23652--23662},
  year={2023}
}

@article{degroot1983comparison,
  title={The comparison and evaluation of forecasters},
  author={DeGroot, Morris H and Fienberg, Stephen E},
  journal={Journal of the Royal Statistical Society: Series D (The Statistician)},
  volume={32},
  number={1-2},
  pages={12--22},
  year={1983},
  publisher={Wiley Online Library}
}

@inproceedings{
hu2022lora,
title={Lo{RA}: Low-Rank Adaptation of Large Language Models},
author={Edward J Hu and Yelong Shen and Phillip Wallis and Zeyuan Allen-Zhu and Yuanzhi Li and Shean Wang and Lu Wang and Weizhu Chen},
booktitle={International Conference on Learning Representations},
pages={1--16},
year={2022},
}

@article{wang2020tent,
  title={Tent: Fully test-time adaptation by entropy minimization},
  author={Wang, Dequan and Shelhamer, Evan and Liu, Shaoteng and Olshausen, Bruno and Darrell, Trevor},
  journal={arXiv preprint arXiv:2006.10726},
  year={2020}
}

@inproceedings{niu2022efficient,
  title={Efficient test-time model adaptation without forgetting},
  author={Niu, Shuaicheng and Wu, Jiaxiang and Zhang, Yifan and Chen, Yaofo and Zheng, Shijian and Zhao, Peilin and Tan, Mingkui},
  booktitle={International conference on machine learning},
  pages={16888--16905},
  year={2022},
  organization={PMLR}
}

@article{niu2023towards,
  title={Towards stable test-time adaptation in dynamic wild world},
  author={Niu, Shuaicheng and Wu, Jiaxiang and Zhang, Yifan and Wen, Zhiquan and Chen, Yaofo and Zhao, Peilin and Tan, Mingkui},
  journal={arXiv preprint arXiv:2302.12400},
  year={2023}
}





@article{schneider2020improving,
  title={Improving robustness against common corruptions by covariate shift adaptation},
  author={Schneider, Steffen and Rusak, Evgenia and Eck, Luisa and Bringmann, Oliver and Brendel, Wieland and Bethge, Matthias},
  journal={Advances in neural information processing systems},
  volume={33},
  pages={11539--11551},
  year={2020}
}
@inproceedings{chen2018encoder,
  title={Encoder-decoder with atrous separable convolution for semantic image segmentation},
  author={Chen, Liang-Chieh and Zhu, Yukun and Papandreou, George and Schroff, Florian and Adam, Hartwig},
  booktitle={Proceedings of the European Conference on Computer Vision},
  pages={801--818},
  year={2018}
}



@inproceedings{volpi2022road,
  title={On the road to online adaptation for semantic image segmentation},
  author={Volpi, Riccardo and De Jorge, Pau and Larlus, Diane and Csurka, Gabriela},
  booktitle={Proceedings of the IEEE/CVF Conference on Computer Vision and Pattern Recognition},
  pages={19184--19195},
  year={2022}
}


@inproceedings{jain2023oneformer,
  title={Oneformer: One transformer to rule universal image segmentation},
  author={Jain, Jitesh and Li, Jiachen and Chiu, Mang Tik and Hassani, Ali and Orlov, Nikita and Shi, Humphrey},
  booktitle={Proceedings of the IEEE/CVF Conference on Computer Vision and Pattern Recognition},
  pages={2989--2998},
  year={2023}
}

@article{liao2024mobile,
  title={Mobile-Seed: Joint Semantic Segmentation and Boundary Detection for Mobile Robots},
  author={Liao, Youqi and Kang, Shuhao and Li, Jianping and Liu, Yang and Liu, Yun and Dong, Zhen and Yang, Bisheng and Chen, Xieyuanli},
  journal={IEEE Robotics and Automation Letters},
  pages={1--8},
  year={2024}
}

@inproceedings{kirillov2023segment,
  title={Segment anything},
  author={Kirillov, Alexander and Mintun, Eric and Ravi, Nikhila and Mao, Hanzi and Rolland, Chloe and Gustafson, Laura and Xiao, Tete and Whitehead, Spencer and Berg, Alexander C and Lo, Wan-Yen and others},
  booktitle={Proceedings of the IEEE/CVF International Conference on Computer Vision},
  pages={4015--4026},
  year={2023}
}




@article{gong2022note,
  title={NOTE: Robust continual test-time adaptation against temporal correlation},
  author={Gong, Taesik and Jeong, Jongheon and Kim, Taewon and Kim, Yewon and Shin, Jinwoo and Lee, Sung-Ju},
  journal={Advances in Neural Information Processing Systems},
  volume={35},
  pages={27253--27266},
  year={2022}
}


@article{liu2023pre,
  title={Pre-train, prompt, and predict: A systematic survey of prompting methods in natural language processing},
  author={Liu, Pengfei and Yuan, Weizhe and Fu, Jinlan and Jiang, Zhengbao and Hayashi, Hiroaki and Neubig, Graham},
  journal={ACM Computing Surveys},
  volume={55},
  number={9},
  pages={1--35},
  year={2023},
  publisher={ACM New York, NY}
}

@article{gao2022visual,
  title={Visual prompt tuning for test-time domain adaptation},
  author={Gao, Yunhe and Shi, Xingjian and Zhu, Yi and Wang, Hao and Tang, Zhiqiang and Zhou, Xiong and Li, Mu and Metaxas, Dimitris N},
  journal={arXiv preprint arXiv:2210.04831},
  year={2022}
}

@inproceedings{jia2022visual,
  title={Visual prompt tuning},
  author={Jia, Menglin and Tang, Luming and Chen, Bor-Chun and Cardie, Claire and Belongie, Serge and Hariharan, Bharath and Lim, Ser-Nam},
  booktitle={European Conference on Computer Vision},
  pages={709--727},
  year={2022},
  organization={Springer}
}
@inproceedings{yang2024exploring,
  title={Exploring Sparse Visual Prompt for Domain Adaptive Dense Prediction},
  author={Yang, Senqiao and Wu, Jiarui and Liu, Jiaming and Li, Xiaoqi and Zhang, Qizhe and Pan, Mingjie and Gan, Yulu and Chen, Zehui and Zhang, Shanghang},
  booktitle={Proceedings of the AAAI Conference on Artificial Intelligence},
  volume={38},
  number={15},
  pages={16334--16342},
  year={2024}
}



@article{ma2023visual,
  title={When Visual Prompt Tuning Meets Source-Free Domain Adaptive Semantic Segmentation},
  author={Ma, Xinhong and Wang, Yiming and Liu, Hao and Guo, Tianyu and Wang, Yunhe},
  journal={Advances in Neural Information Processing Systems},
  volume={36},
  year={2023}
}

@inproceedings{wang2022objectformer,
  title={Objectformer for image manipulation detection and localization},
  author={Wang, Junke and Wu, Zuxuan and Chen, Jingjing and Han, Xintong and Shrivastava, Abhinav and Lim, Ser-Nam and Jiang, Yu-Gang},
  booktitle={Proceedings of the IEEE/CVF Conference on Computer Vision and Pattern Recognition},
  pages={2364--2373},
  year={2022}
}

@inproceedings{naeini2015obtaining,
  title={Obtaining well calibrated probabilities using bayesian binning},
  author={Naeini, Mahdi Pakdaman and Cooper, Gregory and Hauskrecht, Milos},
  booktitle={Proceedings of the AAAI conference on artificial intelligence},
  volume={29},
  number={1},
  year={2015}
}

@inproceedings{tomani2021post,
  title={Post-hoc uncertainty calibration for domain drift scenarios},
  author={Tomani, Christian and Gruber, Sebastian and Erdem, Muhammed Ebrar and Cremers, Daniel and Buettner, Florian},
  booktitle={Proceedings of the IEEE/CVF Conference on Computer Vision and Pattern Recognition},
  pages={10124--10132},
  year={2021}
}

@article{kim2023reliable,
  title={Reliable Test-Time Adaptation via Agreement-on-the-Line},
  author={Kim, Eungyeup and Sun, Mingjie and Raghunathan, Aditi and Kolter, Zico},
  journal={arXiv preprint arXiv:2310.04941},
  year={2023}
}

@inproceedings{grandvalet2004semi,
  title={Semi-supervised learning by entropy minimization},
  author={Grandvalet, Yves and Bengio, Yoshua},
  booktitle={Advances in neural information processing systems},
  volume={17},
  year={2004}
}

@article{ben2010theory,
  title={A theory of learning from different domains},
  author={Ben-David, Shai and Blitzer, John and Crammer, Koby and Kulesza, Alex and Pereira, Fernando and Vaughan, Jennifer Wortman},
  journal={Machine Learning},
  volume={79},
  number={1},
  pages={151--175},
  year={2010},
  publisher={Springer}
}

@article{ben2010theory2,
  title={A theory of learning from different domains},
  author={Ben-David},
  journal={Machine Learning},
  year={2010}
}